<record><leader>00000cas a2200000 a 4500</leader><controlfield tag="001">35218571</controlfield><controlfield tag="007">hd afb017bacp</controlfield><controlfield tag="007">hd bfb017baap</controlfield><controlfield tag="007">hd bfb017babp</controlfield><controlfield tag="008">960809d19871991fluwr nea     0    0eng c</controlfield><datafield ind1=" " ind2=" " tag="010"><subfield code="a">sn 96027629 </subfield></datafield><datafield ind1=" " ind2=" " tag="040"><subfield code="a">FUG</subfield><subfield code="b">eng</subfield><subfield code="c">FUG</subfield><subfield code="d">OCLCQ</subfield><subfield code="d">OCLCF</subfield><subfield code="d">OCLCO</subfield></datafield><datafield ind1=" " ind2=" " tag="012"><subfield code="i">9608</subfield></datafield><datafield ind1="1" ind2=" " tag="029"><subfield code="a">AU@</subfield><subfield code="b">000012698191</subfield></datafield><datafield ind1=" " ind2=" " tag="037"><subfield code="b">George A. Smathers Libraries, University of Florida, Preservation Office, Gainesville, FL 32611</subfield></datafield><datafield ind1=" " ind2=" " tag="042"><subfield code="a">pcc</subfield></datafield><datafield ind1=" " ind2=" " tag="043"><subfield code="a">n-us-fl</subfield></datafield><datafield ind1="0" ind2=" " tag="130"><subfield code="a">Weekly journal (Bristol, Fla.)</subfield></datafield><datafield ind1="1" ind2="4" tag="245"><subfield code="a">The weekly journal</subfield><subfield code="h">[microform].</subfield></datafield><datafield ind1=" " ind2=" " tag="260"><subfield code="a">Bristol, Fla. :</subfield><subfield code="b">Liberty Journal,</subfield><subfield code="c">1987-</subfield></datafield><datafield ind1=" " ind2=" " tag="300"><subfield code="a">5 v.</subfield></datafield><datafield ind1=" " ind2=" " tag="310"><subfield code="a">Weekly</subfield></datafield><datafield ind1="0" ind2=" " tag="362"><subfield code="a">Vol. 7, no. 39 (Sept. 30, 1987)-</subfield></datafield><datafield ind1="1" ind2=" " tag="362"><subfield code="a">Ceased in Sept. 1991.</subfield></datafield><datafield ind1=" " ind2=" " tag="588"><subfield code="a">Latest issue consulted: Vol. 11, no. 36 (Sept. 4, 1991).</subfield></datafield><datafield ind1=" " ind2=" " tag="533"><subfield code="a">Microfilm.</subfield><subfield code="m">v.8:no. 1-v.11:no. 36 (Jan. 6, 1988-Sept. 4, 1991)</subfield><subfield code="b">Gainesville, FL :</subfield><subfield code="c">George A. Smathers Libraries, University of Florida,</subfield><subfield code="d">1989-1992.</subfield><subfield code="e">4 microfilm reels ; 35 mm.</subfield></datafield><datafield ind1=" " ind2=" " tag="539"><subfield code="a">d</subfield><subfield code="b">1988</subfield><subfield code="c">1991</subfield><subfield code="d">flu</subfield><subfield code="e">u</subfield><subfield code="f">u</subfield><subfield code="g">a</subfield></datafield><datafield ind1=" " ind2="0" tag="651"><subfield code="a">Bristol (Fla.)</subfield><subfield code="v">Newspapers.</subfield></datafield><datafield ind1=" " ind2="0" tag="651"><subfield code="a">Liberty County (Fla.)</subfield><subfield code="v">Newspapers.</subfield></datafield><datafield ind1=" " ind2="7" tag="655"><subfield code="a">Newspapers.</subfield><subfield code="2">fast</subfield><subfield code="0">(OCoLC)fst01423814</subfield></datafield><datafield ind1=" " ind2="7" tag="651"><subfield code="a">Florida</subfield><subfield code="z">Bristol.</subfield><subfield code="2">fast</subfield><subfield code="0">(OCoLC)fst01273439</subfield></datafield><datafield ind1=" " ind2="7" tag="651"><subfield code="a">Florida</subfield><subfield code="z">Liberty County.</subfield><subfield code="2">fast</subfield><subfield code="0">(OCoLC)fst01223291</subfield></datafield><datafield ind1=" " ind2=" " tag="752"><subfield code="a">United States</subfield><subfield code="b">Florida</subfield><subfield code="c">Liberty</subfield><subfield code="d">Bristol.</subfield></datafield><datafield ind1="1" ind2=" " tag="776"><subfield code="c">Original</subfield><subfield code="w">(DLC)sn 95047244</subfield><subfield code="w">(OCoLC)33425066</subfield></datafield><datafield ind1="0" ind2="0" tag="780"><subfield code="t">Liberty journal (Bristol, Fla.)</subfield></datafield><datafield ind1="0" ind2="0" tag="785"><subfield code="t">Calhoun-Liberty journal</subfield><subfield code="h">[microform]</subfield><subfield code="w">(DLC)sn 96027449</subfield><subfield code="w">(OCoLC)35123362</subfield></datafield><datafield ind1=" " ind2=" " tag="850"><subfield code="a">FU</subfield><subfield code="a">FU (master)</subfield></datafield></record>